<record><leader>00000cas a22000007a 4500</leader><controlfield tag="001">13303910</controlfield><controlfield tag="008">860317d19181919iduwr ne      0    0eng d</controlfield><datafield ind1=" " ind2=" " tag="010"><subfield code="a">sn 86091212 </subfield></datafield><datafield ind1=" " ind2=" " tag="040"><subfield code="a">UNP</subfield><subfield code="b">eng</subfield><subfield code="c">UNP</subfield><subfield code="d">NVB</subfield><subfield code="d">OCLCQ</subfield></datafield><datafield ind1=" " ind2=" " tag="042"><subfield code="a">msc</subfield></datafield><datafield ind1=" " ind2="4" tag="050"><subfield code="a">AN2.I2</subfield><subfield code="b">M56</subfield></datafield><datafield ind1="0" ind2="4" tag="245"><subfield code="a">The Minidoka County patriot.</subfield></datafield><datafield ind1=" " ind2=" " tag="260"><subfield code="a">Rupert, Idaho :</subfield><subfield code="b">H.G. Busenbark,</subfield><subfield code="c">1918-</subfield></datafield><datafield ind1=" " ind2=" " tag="300"><subfield code="a">v. :</subfield><subfield code="b">ill.</subfield></datafield><datafield ind1=" " ind2=" " tag="310"><subfield code="a">Weekly</subfield></datafield><datafield ind1="0" ind2=" " tag="362"><subfield code="a">Vol. 3, no. 48 (Feb. 7, 1918)-v. 4, no. 52 (Mar. 6, 1919).</subfield></datafield><datafield ind1=" " ind2=" " tag="752"><subfield code="a">United States</subfield><subfield code="b">Idaho</subfield><subfield code="c">Minidoka</subfield><subfield code="d">Rupert.</subfield></datafield><datafield ind1="0" ind2="0" tag="780"><subfield code="t">Rupert Democrat</subfield><subfield code="w">(DLC)sn 86091211</subfield><subfield code="w">(OCoLC)13303775</subfield></datafield><datafield ind1="0" ind2="0" tag="785"><subfield code="t">Minidoka County news</subfield><subfield code="w">(DLC)sn 82014690</subfield><subfield code="w">(OCoLC)8807568</subfield></datafield></record>